<?xml version="1.0" encoding="UTF-8"?><collection xmlns="http://www.loc.gov/MARC21/slim"><record><leader>00477nam--2200169-i-4500</leader><controlfield tag="001">000031413</controlfield><controlfield tag="002">20161230</controlfield><controlfield tag="005">20161230201038</controlfield><controlfield tag="008">060222s1000------------r-----000-0-eng-d</controlfield><datafield ind1=" " ind2=" " tag="040"><subfield code="a">IFIN-HH</subfield></datafield><datafield ind1=" " ind2=" " tag="080"><subfield code="a">541.183.26</subfield></datafield><datafield ind1="1" ind2=" " tag="100"><subfield code="a">Mcintosh, Robert L</subfield></datafield><datafield ind1="1" ind2="0" tag="245"><subfield code="a">Dielectric behavior of physically adsorbed gases</subfield><subfield code="c">Robert l. mcintosh</subfield></datafield><datafield ind1=" " ind2=" " tag="260"><subfield code="a">London</subfield><subfield code="b">Edward Arnold (Publishers) Ltd</subfield><subfield code="c">1966</subfield></datafield><datafield ind1=" " ind2=" " tag="300"><subfield code="a">XII + 160P</subfield></datafield><datafield ind1=" " ind2=" " tag="852"><subfield code="a">76219</subfield><subfield code="c">537.226</subfield></datafield><datafield ind1=" " ind2=" " tag="CAT"><subfield code="a">Sys</subfield><subfield code="c">20110707</subfield><subfield code="h">144802</subfield></datafield></record></collection>